@article{Fox2001,
    author = {D. Fox and S. Thrun and W. Burgard and F. Dellaert},
    title = {Particle Filters for Mobile Robot Localization},
    journal = {Statistics for Engineering and Information Science},
    year = {2001}
}

@inproceedings{Cremean2005,
    author = {L. Cremean and R. M. Murray},
    title = {Uncertainty-based Sensor Fusion of Range Data for Real-time Digital Elevation Mapping ({RTDEM})},
    booktitle = {ICRA},
    year = {2005}
}

@inproceedings{Fankhauser2014,
    author = {Fankhauser, P\'{e}ter and Bloesch, Michael and Gehring, Christian and Hutter, Marco and Siegwart, Roland},
    title = {Robot-Centric Elevation Mapping with Uncertainty Estimates},
    booktitle = {International Conference on Climbing and Walking Robots (CLAWAR)},
    year = {2014}
}

@incollection{Fankhauser2016,
    author = {Fankhauser, P{\'{e}}ter and Hutter, Marco},
    booktitle = {Robot Operating System (ROS) â€“ The Complete Reference (Volume 1)},
    title = {{A Universal Grid Map Library: Implementation and Use Case for Rough Terrain Navigation}},
    publisher = {Springer},
    year = {2016},
}

@inproceedings{Pink2008,
    author = {O. Pink},
    title = {Visual map matching and localization using a global feature map},
    booktitle = {IEEE Computer Society Conference on Computer Vision and Pattern Recognition Workshops, CVPRW '08},
    year = {2008},
}

